<?xml version="1.0" encoding="UTF-8"?><collection xmlns="http://www.loc.gov/MARC21/slim"><record><leader>00391nam--2200157-i-4500</leader><controlfield tag="001">000033835</controlfield><controlfield tag="002">20161230</controlfield><controlfield tag="005">20170116002358</controlfield><controlfield tag="008">060222s1000------------r-----000-0-eng-d</controlfield><datafield ind1=" " ind2=" " tag="080"><subfield code="a">547(021)</subfield></datafield><datafield ind1=" " ind2=" " tag="100"><subfield code="a">Nenitescu, Costin D</subfield></datafield><datafield ind1=" " ind2=" " tag="245"><subfield code="a">Tratat elementar de chimie organica</subfield></datafield><datafield ind1=" " ind2=" " tag="260"><subfield code="a">Bucuresti</subfield><subfield code="b">Ed.Tehnica</subfield><subfield code="c">1956</subfield></datafield><datafield ind1=" " ind2=" " tag="300"><subfield code="a">IX+1027 p</subfield></datafield><datafield ind1=" " ind2=" " tag="852"><subfield code="a">4530</subfield></datafield><datafield ind1=" " ind2=" " tag="CAT"><subfield code="a">SYS</subfield><subfield code="c">20170116</subfield><subfield code="h">002358</subfield></datafield></record></collection>